@article{baker1955self,
  title={Self-compatibility and establishment after `long-distance' dispersal},
  author={Baker, Herbert G},
  journal={Evolution},
  volume={9},
  number={3},
  pages={347--349},
  year={1955},
  publisher={JSTOR}
}

@article{monnahan2017,
  title={Faster estimation of Bayesian models in ecology using Hamiltonian Monte Carlo},
  author={Monnahan, Cole C and Thorson, James T and Branch, Trevor A},
  journal={Methods in Ecology and Evolution},
  volume={8},
  number={3},
  pages={339--348},
  year={2017},
  publisher={Wiley Online Library}
}

@article{buerkner2017,
  title={brms: An R package for Bayesian multilevel models using Stan},
  author={Buerkner, Paul-Christian},
  journal={Journal of Statistical Software},
  volume={80},
  number={1},
  year={2017}
}

@article{jenkins1999limits,
  title={Limits to the southern border of \textit{{D}rosophila serrata}: cold resistance, heritable variation, and trade-offs},
  author={Jenkins, Nicole L and Hoffmann, Ary A},
  journal={Evolution},
  volume={53},
  number={6},
  pages={1823--1834},
  year={1999},
  publisher={Wiley Online Library}
}

@article{bridle2009testing,
  title={Testing limits to adaptation along altitudinal gradients in rainforest \textit{{D}rosophila}},
  author={Bridle, Jon R and Gavaz, Sedef and Kennington, W Jason},
  journal={Proceedings of the Royal Society of London B: Biological Sciences},
  volume={276},
  number={1661},
  pages={1507--1515},
  year={2009},
  publisher={The Royal Society}
}


@article{kellermann2012upper,
  title={Upper thermal limits of \textit{{D}rosophila} are linked to species distributions and strongly constrained phylogenetically},
  author={Kellermann, Vanessa and Overgaard, Johannes and Hoffmann, Ary A and Fl{\o}jgaard, Camilla and Svenning, Jens-Christian and Loeschcke, Volker},
  journal={Proceedings of the National Academy of Sciences},
  volume={109},
  number={40},
  pages={16228--16233},
  year={2012},
  publisher={National Acad Sciences}
}


@article{kellermann2012phylogenetic,
  title={Phylogenetic contstraints in key functional traits behind speciesâ€™ climate niches: patterns of dessication and cold resistance across 95 \textit{{D}rosophila} species},
  author={Kellermann, Vanessa and Loeschcke, Volker and Hoffmann, Ary A and Kristensen, Torsten Nygaard and Fl{\o}jgaard, Camilla and David, Jean R and Svenning, Jens-Christian and Overgaard, Johannes},
  journal={Evolution},
  volume={66},
  number={11},
  pages={3377--3389},
  year={2012},
  publisher={Wiley Online Library}
}


@article{van2009testing,
  title={Testing evolutionary hypotheses about species borders: patterns of genetic variation towards the southern borders of two rainforest \textit{{D}rosophila} and a related habitat generalist},
  author={van Heerwaarden, Belinda and Kellermann, Vanessa and Schiffer, Michele and Blacket, Mark and Sgro, Carla M and Hoffmann, Ary A},
  journal={Proceedings of the Royal Society of London B: Biological Sciences},
  pages={rspb--2008},
  year={2009},
  publisher={The Royal Society}
}




@article{gaddis2016dry,
  title={Dry-washes determine gene flow and genetic diversity in a common desert shrub},
  author={Gaddis, Keith D and Thompson, Pamela G and Sork, Victoria L},
  journal={Landscape Ecology},
  volume={31},
  number={10},
  pages={2215--2229},
  year={2016},
  publisher={Springer}
}


@article{bruckman2016pollination,
  title={Pollination of a native plant changes with distance and density of invasive plants in a simulated biological invasion},
  author={Bruckman, Daniela and Campbell, Diane R},
  journal={American Journal of Botany},
  volume={103},
  number={8},
  pages={1458--1465},
  year={2016},
  publisher={Botanical Soc America}
}


@article{angert2008using,
  title={Using experimental evolution to investigate geographic range limits in monkeyflowers},
  author={Angert, Amy L and Bradshaw Jr, HD and Schemske, Douglas W},
  journal={Evolution},
  volume={62},
  number={10},
  pages={2660--2675},
  year={2008},
  publisher={Wiley Online Library}
}

@article{hoffmann2003low,
  title={Low potential for climatic stress adaptation in a rainforest \textit{{D}rosophila} species},
  author={Hoffmann, AA and Hallas, RJ and Dean, JA and Schiffer, M},
  journal={Science},
  volume={301},
  number={5629},
  pages={100--102},
  year={2003},
  publisher={American Association for the Advancement of Science}
}


@article{afkhami2014mutualist,
  title={Mutualist-mediated effects on species' range limits across large geographic scales},
  author={Afkhami, Michelle E and McIntyre, Patrick J and Strauss, Sharon Y},
  journal={Ecology Letters},
  volume={17},
  number={10},
  pages={1265--1273},
  year={2014},
  publisher={Wiley Online Library}
}

@article{angert2009niche,
  title={The niche, limits to species' distributions, and spatiotemporal variation in demography across the elevation ranges of two monkeyflowers},
  author={Angert, Amy L},
  journal={Proceedings of the National Academy of Sciences},
  volume={106},
  number={Supplement 2},
  pages={19693--19698},
  year={2009},
  publisher={National Acad Sciences}
}


@article{angert2006demography,
  title={Demography of central and marginal populations of monkeyflowers (\textit{{M}imulus cardinalis} and \textit{{M}. lewisii})},
  author={Angert, Amy Lauren},
  journal={Ecology},
  volume={87},
  number={8},
  pages={2014--2025},
  year={2006},
  publisher={Wiley Online Library}
}


@Manual{bivand2014rgdal,
  author={Bivand, Roger and Keitt, Tim and Rowlingson, Barry},
  note={rgdal: Bindings for the geospatial data abstraction library. R package version 0.9-1},
  year={2014}
}

@Manual{bivand2013rgeos,
  author={Bivand, Roger and Rundel, Colin},
  note={rgeos: Interface to geometry engine-open source (GEOS). R package version 0.3-8},
  year={2013}
}

@article{brown1996geographic,
  title={The geographic range: size, shape, boundaries, and internal structure},
  author={Brown, James H and Stevens, George C and Kaufman, Dawn M},
  journal={Annual Review of Ecology and Systematics},
  volume={27},
  number={1},
  pages={597--623},
  year={1996},
  publisher={Annual Reviews 4139 El Camino Way, PO Box 10139, Palo Alto, CA 94303-0139, USA}
}

@article{broxton2014modis,
  title={A {MODIS}-based global 1-km maximum green vegetation fraction dataset},
  author={Broxton, Patrick D and Zeng, Xubin and Scheftic, William and Troch, Peter A},
  journal={Journal of Applied Meteorology and Climatology},
  volume={53},
  number={8},
  pages={1996--2004},
  year={2014}
}

@article{brys2013differences,
  title={Differences in dichogamy and herkogamy contribute to higher selfing in contrasting environments in the annual \textit{{B}lackstonia perfoliata} ({G}entianaceae)},
  author={Brys, Rein and Geens, Bram and Beeckman, Tom and Jacquemyn, Hans},
  journal={Annals of Botany},
  volume={111},
  number={4},
  pages={651--661},
  year={2013},
  publisher={Oxford University Press}
}

@article{button2012reduced,
  title={Reduced petal size and color associated with transitions from outcrossing to selfing in \textit{{C}amissoniopsis cheiranthifolia} ({O}nagraceae)},
  author={Button, Lindsey and Villalobos, Adriana Lopez and Dart, Sara R and Eckert, Christopher G},
  journal={International Journal of Plant Sciences},
  volume={173},
  number={3},
  pages={251--260},
  year={2012},
  publisher={University of Chicago Press Chicago, IL}
}

@article{carr1994levels,
  title={Levels of genetic variation and covariation for \textit{{M}imulus} ({S}crophulariaceae) floral traits},
  author={Carr, David E and Fenster, Charles B},
  journal={Heredity},
  volume={72},
  number={6},
  pages={606},
  year={1994},
  publisher={Nature Publishing Group}
}

@article{dart2011broad,
  title={Broad geographic covariation between floral traits and the mating system in \textit{{C}amissoniopsis cheiranthifolia} ({O}nagraceae): multiple stable mixed mating systems across the species' range?},
  author={Dart, Sara R and Samis, Karen E and Austen, Emily and Eckert, Christopher G},
  journal={Annals of Botany},
  volume={109},
  number={3},
  pages={599--611},
  year={2011},
  publisher={Oxford University Press}
}

@techreport{darwin1859origin,
  title={The Origin of Species: By means of natural selection or the preservation of favoured races in the struggle for life},
  author={Darwin, Charles},
  year={1859},
  institution={London: John Murray}
}


@article{dixon2013demographic,
  title={Demographic and population-genetic tests provide mixed support for the abundant centre hypothesis in the endemic plant \textit{{L}eavenworthia stylosa}},
  author={Dixon, Andrea L and Herlihy, Christopher R and Busch, Jeremiah W},
  journal={Molecular Ecology},
  volume={22},
  number={7},
  pages={1777--1791},
  year={2013},
  publisher={Wiley Online Library}
}

@article{fishman2008pollen,
  title={Pollen limitation and natural selection on floral characters in the yellow monkeyflower, \textit{{M}imulus guttatus}},
  author={Fishman, Lila and Willis, John H},
  journal={New Phytologist},
  volume={177},
  number={3},
  pages={802--810},
  year={2008},
  publisher={Wiley Online Library}
}

@article{fishman1999pollinator,
  title={Pollinator-mediated competition, reproductive character displacement, and the evolution of selfing in \textit{{A}renaria uniflora} ({C}aryophyllaceae)},
  author={Fishman, Lila and Wyatt, Robert},
  journal={Evolution},
  volume={53},
  number={6},
  pages={1723--1733},
  year={1999},
  publisher={Wiley Online Library}
}

@book{gaston2003structure,
  title={The structure and dynamics of geographic ranges},
  author={Gaston, Kevin J},
  year={2003},
  publisher={Oxford University Press}
}

@misc{pctTreeCover,
  author = {{Geospatial Information Authority of Japan, Chiba University, and collaborating organizations}},
  year = {2008}, 
  title = {Global map-percent tree cover}, 
  howpublished ={\url{https://www.iscgm.org/gmd/}}
}

@article{goodwillie2010correlated,
  title={Correlated evolution of mating system and floral display traits in flowering plants and its implications for the distribution of mating system variation},
  author={Goodwillie, Carol and Sargent, Risa D and Eckert, Christopher G and Elle, Elizabeth and Geber, Monica A and Johnston, Mark O and Kalisz, Susan and Moeller, David A and Ree, Richard H and Vallejo-Marin, Mario and others},
  journal={New Phytologist},
  volume={185},
  number={1},
  pages={311--321},
  year={2010},
  publisher={Wiley Online Library}
}

@article{gottlieb1988genetic,
  title={Genetic studies of the pattern of floral pigmentation in \textit{{C}larkia gracilis}},
  author={Gottlieb, LD and Ford, VS},
  journal={Heredity},
  volume={60},
  number={2},
  pages={237},
  year={1988},
  publisher={Nature Publishing Group}
}

@article{opedal2017evolvability,
  title={The evolvability of herkogamy: quantifying the evolutionary potential of a composite trait},
  author={Opedal, {\O}ystein H and Bolstad, Geir H and Hansen, Thomas F and Armbruster, W Scott and P{\'e}labon, Christophe},
  journal={Evolution},
  volume={71},
  number={6},
  pages={1572--1586},
  year={2017},
  publisher={Wiley Online Library}
}


@article{groom1998allee,
  title={Allee effects limit population viability of an annual plant},
  author={Groom, Martha J},
  journal={The American Naturalist},
  volume={151},
  number={6},
  pages={487--496},
  year={1998},
  publisher={The University of Chicago Press}
}

@article{hargreaves2014evolution,
  title={Evolution of dispersal and mating systems along geographic gradients: implications for shifting ranges},
  author={Hargreaves, Anna L and Eckert, Christopher G},
  journal={Functional Ecology},
  volume={28},
  number={1},
  pages={5--21},
  year={2014},
  publisher={Wiley Online Library}
}

@article{herlihy2007evolutionary,
  title={Evolutionary analysis of a key floral trait in \textit{{A}quilegia canadensis} ({R}anunculaceae): genetic variation in herkogamy and its effect on the mating system},
  author={Herlihy, Christopher R and Eckert, Christopher G},
  journal={Evolution},
  volume={61},
  number={7},
  pages={1661--1674},
  year={2007},
  publisher={Wiley Online Library}
}

@article{hijmans2014raster,
  title={raster: {G}eographic data analysis and modeling},
  author={Hijmans, Robert J and van Etten, Jacob},
  journal={R package version 2.3-12},
  year={2014}
}

@article{hijmans2005very,
  title={Very high resolution interpolated climate surfaces for global land areas},
  author={Hijmans, Robert J and Cameron, Susan E and Parra, Juan L and Jones, Peter G and Jarvis, Andy},
  journal={International Journal of Climatology},
  volume={25},
  number={15},
  pages={1965--1978},
  year={2005},
  publisher={Wiley Online Library}
}

@misc{hijmans2016dismo,
  title={dismo: {S}pecies distribution modeling},
  author={Hijmans, RJ and Phillips, SJ and Leathwick, JR and Elith, J},
  journal={R package version 1.0-15},
  year={2016}
}

@article{barton2001adaptation,
  title={Adaptation at the edge of a species' range},
  author={Barton, NH},
  journal={Special Publication--British Ecological Society},
  volume={14},
  pages={365--392},
  year={2001}
}

@article{blows2005reassessment,
  title={A reassessment of genetic limits to evolutionary change},
  author={Blows, Mark W and Hoffmann, Ary A},
  journal={Ecology},
  volume={86},
  number={6},
  pages={1371--1384},
  year={2005},
  publisher={Wiley Online Library}
}


@article{hoffmann1994species,
  title={Species borders: ecological and evolutionary perspectives},
  author={Hoffmann, Ary A and Blows, Mark W},
  journal={Trends in Ecology \& Evolution},
  volume={9},
  number={6},
  pages={223--227},
  year={1994},
  publisher={Elsevier}
}

@article{kellermann2009fundamental,
  title={Fundamental evolutionary limits in ecological traits drive \textit{{D}rosophila} species distributions},
  author={Kellermann, Vanessa and van Heerwaarden, Belinda and Sgr{\`o}, Carla M and Hoffmann, Ary A},
  journal={Science},
  volume={325},
  number={5945},
  pages={1244--1246},
  year={2009},
  publisher={American Association for the Advancement of Science}
}


@article{holt2000alternative,
  title={Alternative causes for range limits: a metapopulation perspective},
  author={Holt, Robert D and Keitt, Timothy H},
  journal={Ecology Letters},
  volume={3},
  number={1},
  pages={41--47},
  year={2000},
  publisher={Wiley Online Library}
}

@article{holtsford1992genetic,
  title={Genetic and environmental variation in floral traits affecting outcrossing rate in \textit{{C}larkia tembloriensis} ({O}nagraceae)},
  author={Holtsford, Timothy P and Ellstrand, Norman C},
  journal={Evolution},
  volume={46},
  number={1},
  pages={216--225},
  year={1992},
  publisher={Wiley Online Library}
}

@article{johnson2003pollination,
  title={Pollination success in a deceptive orchid is enhanced by co-occurring rewarding magnet plants},
  author={Johnson, Steven D and Peter, Craig I and Nilsson, L Anders and {\AA}gren, Jon},
  journal={Ecology},
  volume={84},
  number={11},
  pages={2919--2927},
  year={2003},
  publisher={Wiley Online Library}
}

@article{jorgensen2013floral,
  title={Floral longevity and autonomous selfing are altered by pollination and water availability in \textit{{C}ollinsia heterophylla}},
  author={Jorgensen, Rachael and Arathi, HS},
  journal={Annals of Botany},
  volume={112},
  number={5},
  pages={821--828},
  year={2013},
  publisher={Oxford University Press}
}

@article{holt2003evolutionary,
  title={On the evolutionary ecology of speciesâ€™ ranges},
  author={Holt, Robert D},
  journal={Evolutionary Ecology Research},
  volume={5},
  number={2},
  pages={159--178},
  year={2003},
  publisher={Evolutionary Ecology, Ltd.}
}
 
@article{karron1997outcrossing,
  title={Outcrossing rates of individual \textit{{M}imulus ringens} genets are correlated with anther--stigma separation},
  author={Karron, Jeffrey D and Jackson, Rosella T and Thumser, Nina N and Schlicht, Stephanie L},
  journal={Heredity},
  volume={79},
  number={4},
  pages={365},
  year={1997},
  publisher={Nature Publishing Group}
}

@article{keitt2001allee,
  title={Allee effects, invasion pinning, and species' borders},
  author={Keitt, Timothy H and Lewis, Mark A and Holt, Robert D},
  journal={The American Naturalist},
  volume={157},
  number={2},
  pages={203--216},
  year={2001},
  publisher={The University of Chicago Press}
}

@article{kirkpatrick1997evolution,
  title={Evolution of a species' range},
  author={Kirkpatrick, Mark and Barton, Nicholas H},
  journal={The American Naturalist},
  volume={150},
  number={1},
  pages={1--23},
  year={1997},
  publisher={The University of Chicago Press}
}

@article{knight2003floral,
  title={Floral density, pollen limitation, and reproductive success in \textit{{T}rillium grandiflorum}},
  author={Knight, Tiffany M},
  journal={Oecologia},
  volume={137},
  number={4},
  pages={557--563},
  year={2003},
  publisher={Springer}
}

@article{lennon1997metapopulation,
  title={A metapopulation model of species boundaries},
  author={Lennon, Jack J and Turner, John RG and Connell, Damian},
  journal={Oikos},
  pages={486--502},
  year={1997},
  publisher={JSTOR}
}

@article{gamble2018floral,
  title={Floral trait variation and links to climate in the mixed-mating annual \textit{{C}larkia pulchella}},
  author={Gamble, Devin E and Bontrager, Megan and Angert, Amy L},
  journal={Botany},
  volume={96},
  number={7},
  pages={425--435},
  year={2018},
  publisher={NRC Research Press}
}


@article{mimura2007adaptive,
  title={Adaptive gradients and isolation-by-distance with postglacial migration in Picea sitchensis},
  author={Mimura, M and Aitken, SN},
  journal={Heredity},
  volume={99},
  number={2},
  pages={224},
  year={2007},
  publisher={Nature Publishing Group}
}


@article{lewis1953mechanism,
  title={The mechanism of evolution in the genus \textit{{C}larkia}},
  author={Lewis, Harlan},
  journal={Evolution},
  volume={7},
  number={1},
  pages={1--20},
  year={1953},
  publisher={Wiley Online Library}
}

@article{lewis1955genus,
  title={The genus \textit{{C}larkia}},
  author={Lewis, Harlan},
  journal={University of California Publications in Botany},
  volume={28},
  pages={241--392},
  year={1955}
}

@article{lira2014relationship,
  title={Relationship of genetic diversity and niche centrality: a survey and analysis},
  author={Lira-Noriega, Andr{\'e}s and Manthey, Joseph D},
  journal={Evolution},
  volume={68},
  number={4},
  pages={1082--1093},
  year={2014},
  publisher={Wiley Online Library}
}

@article{svenning2008postglacial,
  title={Postglacial dispersal limitation of widespread forest plant species in nemoral Europe},
  author={Svenning, Jens-Christian and Normand, Signe and Skov, Flemming},
  journal={Ecography},
  volume={31},
  number={3},
  pages={316--326},
  year={2008},
  publisher={Wiley Online Library}
}

@inproceedings{hutchinsonf,
  title={Concluding remarks},
  author={Hutchinson, M},
  year={1957},
  booktitle={Cold Spring Harbour Symposia on quantitative biology: population studies: animal ecology and demography. Cold Spring Harbor Laboratory, Cold Spring Harbor, New York, USA},
  pages={415--427}
}

@article{pulliam2000relationship,
  title={On the relationship between niche and distribution},
  author={Pulliam, H Ronald},
  journal={Ecology Letters},
  volume={3},
  number={4},
  pages={349--361},
  year={2000},
  publisher={Wiley Online Library}
}



@article{luo2013herkogamy,
  title={Herkogamy and its effects on mating patterns in \textit{{A}rabidopsis thaliana}},
  author={Luo, Yonghai and Widmer, Alex},
  journal={PLoS One},
  volume={8},
  number={2},
  pages={e57902},
  year={2013},
  publisher={Public Library of Science}
}

@book{macarthur1972geographical,
  title={Geographical ecology: patterns in the distribution of species},
  author={MacArthur, Robert H},
  year={1972},
  publisher={Princeton University Press}
}


@article{mazer2010physiological,
  title={Physiological performance in \textit{{C}larkia} sister taxa with contrasting mating systems: do early-flowering autogamous taxa avoid water stress relative to their pollinator-dependent counterparts?},
  author={Mazer, Susan J and Dudley, Leah S and Hove, Alisa A and Emms, Simon K and Verhoeven, Amy S},
  journal={International Journal of Plant Sciences},
  volume={171},
  number={9},
  pages={1029--1047},
  year={2010},
  publisher={University of Chicago Press Chicago, IL}
}

@article{merow2014back,
  title={Back to the basics of species distribution modeling: What do we gain from complex versus simple models?},
  author={Merow, C and Smith, MJ and Edwards, TC and Guisan, A and McMahon, SM and Normand, S and Thuiller, W and W{\"u}est, RO and Zimmermann, NE and Elith, J},
  journal={Ecography},
  volume={37},
  pages={1267--1281},
  year={2014}
}

@article{mitchell2009new,
  title={New frontiers in competition for pollination},
  author={Mitchell, Randall J and Flanagan, Rebecca J and Brown, Beverly J and Waser, Nickolas M and Karron, Jeffrey D},
  journal={Annals of Botany},
  volume={103},
  number={9},
  pages={1403--1413},
  year={2009},
  publisher={Oxford University Press}
}

@article{moeller2006geographic,
  title={Geographic structure of pollinator communities, reproductive assurance, and the evolution of self-pollination},
  author={Moeller, David A},
  journal={Ecology},
  volume={87},
  number={6},
  pages={1510--1522},
  year={2006},
  publisher={Wiley Online Library}
}

@article{moeller2005ecological,
  title={Ecological context of the evolution of self-pollination in \textit{{C}larkia xantiana}: population size, plant communities, and reproductive assurance},
  author={Moeller, David A and Geber, Monica A},
  journal={Evolution},
  volume={59},
  number={4},
  pages={786--799},
  year={2005},
  publisher={BioOne}
}

@article{moeller2012reduced,
  title={Reduced pollinator service and elevated pollen limitation at the geographic range limit of an annual plant},
  author={Moeller, David A and Geber, Monica A and Eckhart, Vincent M and Tiffin, Peter},
  journal={Ecology},
  volume={93},
  number={5},
  pages={1036--1048},
  year={2012},
  publisher={Wiley Online Library}
}

@article{mosquin1964chromosomal,
  title={Chromosomal repatterning in \textit{{C}larkia rhomboidea} as evidence for post-pleistocene changes in distribution},
  author={Mosquin, Theodore},
  journal={Evolution},
  volume={18},
  number={1},
  pages={12--25},
  year={1964},
  publisher={Wiley Online Library}
}

@article{newman1997increased,
  title={Increased probability of extinction due to decreased genetic effective population size: experimental populations of \textit{{C}larkia pulchella}},
  author={Newman, Dara and Pilson, Diana},
  journal={Evolution},
  volume={51},
  number={2},
  pages={354--362},
  year={1997},
  publisher={Wiley Online Library}
}

@article{case2000interspecific,
  title={Interspecific competition, environmental gradients, gene flow, and the coevolution of species' borders},
  author={Case, Ted J and Taper, Mark L},
  journal={The American Naturalist},
  volume={155},
  number={5},
  pages={583--605},
  year={2000},
  publisher={The University of Chicago Press}
}

@article{price2009evolutionarily,
  title={Evolutionarily stable range limits set by interspecific competition},
  author={Price, Trevor D and Kirkpatrick, Mark},
  journal={Proceedings of the Royal Society of London B: Biological Sciences},
  pages={rspb--2008},
  year={2009},
  publisher={The Royal Society}
}


@article{lennartsson2002extinction,
  title={Extinction thresholds and disrupted plant--pollinator interactions in fragmented plant populations},
  author={Lennartsson, Tommy},
  journal={Ecology},
  volume={83},
  number={11},
  pages={3060--3072},
  year={2002},
  publisher={Wiley Online Library}
}


@article{alleaume2006geographical,
  title={Geographical patterns of adaptation within a speciesâ€™ range: interactions between drift and gene flow},
  author={Alleaume-Benharira, M and Pen, IR and Ronce, Oph{\'e}lie},
  journal={Journal of Evolutionary Biology},
  volume={19},
  number={1},
  pages={203--215},
  year={2006},
  publisher={Wiley Online Library}
}


@article{palladini2013indirect,
  title={Indirect competition for pollinators is weak compared to direct resource competition: pollination and performance in the face of an invader},
  author={Palladini, Jennifer D and Maron, John L},
  journal={Oecologia},
  volume={172},
  number={4},
  pages={1061--1069},
  year={2013},
  publisher={Springer}
}

@article{pannell1998baker,
  title={Baker's law revisited: reproductive assurance in a metapopulation},
  author={Pannell, John R and Barrett, Spencer CH},
  journal={Evolution},
  volume={52},
  number={3},
  pages={657--668},
  year={1998},
  publisher={Wiley Online Library}
}

@misc{pebesma2005sp,
  title={sp: Classes and methods for spatial data},
  author={Pebesma, E and Bivand, R},
  journal={R package version 1.0-17},
  year={2005}
}

@inproceedings{phillips2004maximum,
  title={A maximum entropy approach to species distribution modeling},
  author={Phillips, Steven J and Dud{\'\i}k, Miroslav and Schapire, Robert E},
  booktitle={Proceedings of the Twenty-first International Conference on Machine Learning},
  pages={83},
  year={2004},
  organization={Association for Computing Machinery}
}

@article{phillips2006maximum,
  title={Maximum entropy modeling of species geographic distributions},
  author={Phillips, Steven J and Anderson, Robert P and Schapire, Robert E},
  journal={Ecological Modelling},
  volume={190},
  number={3-4},
  pages={231--259},
  year={2006},
  publisher={Elsevier}
}


@misc{rasband2012imagej,
  title={Image{J}. Version 1.46 r. {US} {N}ational {I}nstitutes of {H}ealth, {B}ethesda, {MD}},
  author={Rasband, WS},
  year={2012}
}

@article{runions2000evolution,
  title={Evolution of the self-pollinating flower in \textit{{C}larkia xantiana} (Onagraceae). {I}. {S}ize and development of floral organs},
  author={Runions, C John and Geber, Monica A},
  journal={American Journal of Botany},
  volume={87},
  number={10},
  pages={1439--1451},
  year={2000},
  publisher={Botanical Soc America}
}

@article{brown1984relationship,
  title={On the relationship between abundance and distribution of species},
  author={Brown, James H},
  journal={The American Naturalist},
  volume={124},
  number={2},
  pages={255--279},
  year={1984},
  publisher={University of Chicago Press}
}

@article{sagarin2002abundant,
  title={The `abundant centre' distribution: to what extent is it a biogeographical rule?},
  author={Sagarin, Raphael D and Gaines, Steven D},
  journal={Ecology Letters},
  volume={5},
  number={1},
  pages={137--147},
  year={2002},
  publisher={Wiley Online Library}
}

@article{sagarin2006moving,
  title={Moving beyond assumptions to understand abundance distributions across the ranges of species},
  author={Sagarin, Raphael D and Gaines, Steven D and Gaylord, Brian},
  journal={Trends in Ecology \& Evolution},
  volume={21},
  number={9},
  pages={524--530},
  year={2006},
  publisher={Elsevier}
}

@article{sexton2009evolution,
  title={Evolution and ecology of species range limits},
  author={Sexton, Jason P and McIntyre, Patrick J and Angert, Amy L and Rice, Kevin J},
  journal={Annual Review of Ecology, Evolution, and Systematics},
  volume={40},
  year={2009}
}

@article{takebayashi2000association,
  title={An association between a floral trait and inbreeding depression},
  author={Takebayashi, Naoki and Delph, Lynda F},
  journal={Evolution},
  volume={54},
  number={3},
  pages={840--846},
  year={2000},
  publisher={BioOne}
}

@article{takebayashi2001self,
  title={Is self-fertilization an evolutionary dead end? {R}evisiting an old hypothesis with genetic theories and a macroevolutionary approach},
  author={Takebayashi, Naoki and Morrell, Peter L},
  journal={American Journal of Botany},
  volume={88},
  number={7},
  pages={1143--1150},
  year={2001},
  publisher={Wiley Online Library}
}

@article{van2007phylogenetically,
  title={Phylogenetically independent associations between autonomous self-fertilization and plant invasiveness},
  author={Van Kleunen, Mark and Manning, John C and Pasqualetto, Vanessa and Johnson, Steven D},
  journal={The American Naturalist},
  volume={171},
  number={2},
  pages={195--201},
  year={2007},
  publisher={The University of Chicago Press}
}

@article{wang2014isolation,
  title={Isolation by environment},
  author={Wang, Ian J and Bradburd, Gideon S},
  journal={Molecular Ecology},
  volume={23},
  number={23},
  pages={5649--5662},
  year={2014},
  publisher={Wiley Online Library}
}

@article{wang2012climatewna,
  title={Climate{WNA}: high-resolution spatial climate data for western {N}orth {A}merica},
  author={Wang, Tongli and Hamann, Andreas and Spittlehouse, David L and Murdock, Trevor Q},
  journal={Journal of Applied Meteorology and Climatology},
  volume={51},
  number={1},
  pages={16--29},
  year={2012}
}

@article{ashman2004pollen,
  title={Pollen limitation of plant reproduction: ecological and evolutionary causes and consequences},
  author={Ashman, Tia-Lynn and Knight, Tiffany M and Steets, Janette A and Amarasekare, Priyanga and Burd, Martin and Campbell, Diane R and Dudash, Michele R and Johnston, Mark O and Mazer, Susan J and Mitchell, Randall J and others},
  journal={Ecology},
  volume={85},
  number={9},
  pages={2408--2421},
  year={2004},
  publisher={Wiley Online Library}
}

@article{bjerknes2007alien,
  title={Do alien plant invasions really affect pollination success in native plant species?},
  author={Bjerknes, Anne-Line and Totland, {\O}rjan and Hegland, Stein Joar and Nielsen, Anders},
  journal={Biological Conservation},
  volume={138},
  number={1},
  pages={1--12},
  year={2007},
  publisher={Elsevier}
}

@article{bodbyl2011rapid,
  title={Rapid evolution caused by pollinator loss in \textit{{M}imulus guttatus}},
  author={Bodbyl Roels, Sarah A and Kelly, John K},
  journal={Evolution},
  volume={65},
  number={9},
  pages={2541--2552},
  year={2011},
  publisher={Wiley Online Library}
}

@article{bontrager2016effects,
  title={Effects of range-wide variation in climate and isolation on floral traits and reproductive output of \textit{{C}larkia pulchella}},
  author={Bontrager, Megan and Angert, Amy L},
  journal={American Journal of Botany},
  volume={103},
  number={1},
  pages={10--21},
  year={2016},
  publisher={Botanical Soc America}
}

@article{buerkner2017brms,
  title={brms: An {R} package for {B}ayesian multilevel models using {S}tan},
  author={Buerkner, Paul-Christian},
  journal={Journal of Statistical Software},
  volume={80},
  number={1},
  year={2017}
}

@article{burd1994principle,
  title={Principle and plant reproduction: the role of pollen limitation in fruit and seed set},
  author={Burd, Martin},
  journal={The Botanical Review},
  volume={60},
  number={1},
  pages={83--139},
  year={1994},
  publisher={Springer}
}

@article{busch2005evolution,
  title={The evolution of self-compatibility in geographically peripheral populations of \textit{{L}eavenworthia alabamica} ({B}rassicaceae)},
  author={Busch, Jeremiah W},
  journal={American Journal of Botany},
  volume={92},
  number={9},
  pages={1503--1512},
  year={2005},
  publisher={Botanical Soc America}
}


@article{carpenter2016stan,
  title={Stan: A probabilistic programming language},
  author={Carpenter, Bob and Gelman, Andrew and Hoffman, Matt and Lee, Daniel and Goodrich, Ben and Betancourt, Michael and Brubaker, Michael A and Guo, Jiqiang and Li, Peter and Riddell, Allen},
  journal={Journal of Statistical Software},
  volume={20},
  pages={1--37},
  year={2016}
}

@article{coulson2001age,
  title={Age, sex, density, winter weather, and population crashes in {S}oay sheep},
  author={Coulson, Tim and Catchpole, Edward A and Albon, Steve D and Morgan, Byron JT and Pemberton, JM and Clutton-Brock, Tim H and Crawley, MJ and Grenfell, BT},
  journal={Science},
  volume={292},
  number={5521},
  pages={1528--1531},
  year={2001},
  publisher={American Association for the Advancement of Science}
}

@article{doak2010demographic,
  title={Demographic compensation and tipping points in climate-induced range shifts},
  author={Doak, Daniel F and Morris, William F},
  journal={Nature},
  volume={467},
  number={7318},
  pages={959},
  year={2010},
  publisher={Nature Publishing Group}
}

@article{eckert2002effect,
  title={Effect of geographical variation in pollinator fauna on the mating system of \textit{{D}ecodon verticillatus} ({L}ythraceae)},
  author={Eckert, Christopher G},
  journal={International Journal of Plant Sciences},
  volume={163},
  number={1},
  pages={123--132},
  year={2002},
  publisher={The University of Chicago Press}
}

@article{eckert2010plant,
  title={Plant mating systems in a changing world},
  author={Eckert, Christopher G and Kalisz, Susan and Geber, Monica A and Sargent, Risa and Elle, Elizabeth and Cheptou, Pierre-Olivier and Goodwillie, Carol and Johnston, Mark O and Kelly, John K and Moeller, David A and others},
  journal={Trends in Ecology \& Evolution},
  volume={25},
  number={1},
  pages={35--43},
  year={2010},
  publisher={Elsevier}
}

@misc{gabry2017bayesplot,
    title = {bayesplot: Plotting for {Bayesian} models},
    author = {Jonah Gabry},
    year = {2017},
    note = {R package version 1.3.0},
    url = {http://mc-stan.org/},
  }

@article{galen1999flowers,
  title={Are flowers physiological sinks or faucets? Costs and correlates of water use by flowers of \textit{{P}olemonium viscosum}},
  author={Galen, Candace and Sherry, Rabecca A and Carroll, Amy B},
  journal={Oecologia},
  volume={118},
  number={4},
  pages={461--470},
  year={1999},
  publisher={Springer}
}

@article{gallagher2017shifts,
  title={Shifts in water availability mediate plant--pollinator interactions},
  author={Gallagher, M Kate and Campbell, Diane R},
  journal={New Phytologist},
  year={2017},
  publisher={Wiley Online Library}
}

@article{gelman1992inference,
  title={Inference from iterative simulation using multiple sequences},
  author={Gelman, Andrew and Rubin, Donald B},
  journal={Statistical science},
  pages={457--472},
  year={1992},
  publisher={JSTOR}
}

@article{herlihy2005evolution,
  title={Evolution of self-fertilization at geographical range margins? A comparison of demographic, floral, and mating system variables in central vs. peripheral populations of \textit{{A}quilegia canadensis} ({R}anunculaceae)},
  author={Herlihy, Christopher R and Eckert, Christopher G},
  journal={American Journal of Botany},
  volume={92},
  number={4},
  pages={744--751},
  year={2005},
  publisher={Botanical Soc America}
}

@article{ipcc2014,
    author = {Meyer, Leo and Brinkman, Sander and van Kesteren, Line and Leprince-Ringuet, No\"{e}mie and van Boxmeer, Fijke},
    editor = {Pachauri, R. K. and Meyer, L. A.},
    keywords = {ipcc, n2o},
    location = {Geneva, Switzerland},
    organization = {IPCC},
    pages = {3--87},
    posted-at = {2016-03-19 06:17:12},
    priority = {2},
    title = {{IPCC Climate Change} 2014: Synthesis Report. Contribution of Working Groups {I}, {II} and {III} to the Fifth Assessment Report of the {I}ntergovernmental {P}anel on {C}limate {C}hange},
    year = {2014}
}

@article{kay2013drought,
  title={Drought alters the expression of mating system traits in two species of \textit{{C}larkia}},
  author={Kay, Kathleen M and Picklum, Devon A},
  journal={Evolutionary Ecology},
  volume={27},
  number={5},
  pages={899--910},
  year={2013},
  publisher={Springer}
}

@article{kettenbach2017shrub,
  title={How shrub encroachment under climate change could threaten pollination services for alpine wildflowers: A case study using the alpine skypilot, \textit{{P}olemonium viscosum}},
  author={Kettenbach, Jessica A and Miller-Struttmann, Nicole and Moffett, Zo{\"e} and Galen, Candace},
  journal={Ecology and evolution},
  volume={7},
  number={17},
  pages={6963--6971},
  year={2017},
  publisher={Wiley Online Library}
}

@article{knight2005pollen,
  title={Pollen limitation of plant reproduction: pattern and process},
  author={Knight, Tiffany M and Steets, Janette A and Vamosi, Jana C and Mazer, Susan J and Burd, Martin and Campbell, Diane R and Dudash, Michele R and Johnston, Mark O and Mitchell, Randall J and Ashman, Tia-Lynn},
  journal={Annual Review of Ecology, Evolution, and Systematics},
  volume={36},
  pages={467--497},
  year={2005},
  publisher={Annual Reviews}
}

@article{kramer2011influences,
  title={Influences of landscape and pollinators on population genetic structure: examples from three \textit{{P}enstemon} ({P}lantaginaceae) species in the {G}reat {B}asin},
  author={Kramer, Andrea T and Fant, Jeremie B and Ashley, Mary V},
  journal={American Journal of Botany},
  volume={98},
  number={1},
  pages={109--121},
  year={2011},
  publisher={Botanical Soc America}
}

@article{kudo2004does,
  title={Does seed production of spring ephemerals decrease when spring comes early?},
  author={Kudo, Gaku and Nishikawa, Yoko and Kasagi, Tetsuya and Kosuge, Shoji},
  journal={Ecological Research},
  volume={19},
  number={2},
  pages={255--259},
  year={2004},
  publisher={Wiley Online Library}
}

@article {kudo2013early,
author = {Kudo, Gaku and Ida, Takashi Y.},
title = {Early onset of spring increases the phenological mismatch between plants and pollinators},
journal = {Ecology},
volume = {94},
number = {10},
publisher = {Ecological Society of America},
issn = {1939-9170},
url = {http://dx.doi.org/10.1890/12-2003.1},
doi = {10.1890/12-2003.1},
pages = {2311--2320},
keywords = {Bombus spp, bumble bee, climate change, Corydalis ambigua, flowering phenology, hibernation, Hokkaido, Japan, phenological mismatch, pollinator activity, snowmelt time, spring ephemerals},
year = {2013},
}

@article{macswain1973comparative,
  title={Comparative behavior of bees and {O}nagraceae: 4. \textit{{C}larkia} bees of the {W}estern {U}nited {S}tates},
  author={MacSwain, John Winslow and Raven, Peter H and Thorp, Robbin W},
  journal={University of California Publications in Entomology},
  volume={70},
  year={1973}
}

@book{mcelreath2015statistical,
  title={Statistical Rethinking: A Bayesian Course with Examples in {R} and {S}tan},
  author={McElreath, Richard},
  year={2015},
  publisher={CRC Press},
  isbn={9781482253443}
}

@article{miller2015functional,
  title={Functional mismatch in a bumble bee pollination mutualism under climate change},
  author={Miller-Struttmann, Nicole E and Geib, Jennifer C and Franklin, James D and Kevan, Peter G and Holdo, Ricardo M and Ebert-May, Diane and Lynn, Austin M and Kettenbach, Jessica A and Hedrick, Elizabeth and Galen, Candace},
  journal={Science},
  volume={349},
  number={6255},
  pages={1541--1544},
  year={2015},
  publisher={American Association for the Advancement of Science}
}

@article{moeller2005ecologicalcontext,
  title={Ecological context of the evolution of self-pollination in \textit{{C}larkia xantiana}: population size, plant communities, and reproductive assurance},
  author={Moeller, David A and Geber, Monica A},
  journal={Evolution},
  volume={59},
  number={4},
  pages={786--799},
  year={2005},
  publisher={BioOne}
}

@article{moeller2017global,
  title={Global biogeography of mating system variation in seed plants},
  author={Moeller, David A and Briscoe Runquist, Ryan D and Moe, Annika M and Geber, Monica A and Goodwillie, Carol and Cheptou, Pierre-Olivier and Eckert, Christopher G and Elle, Elizabeth and Johnston, Mark O and Kalisz, Susan and others},
  journal={Ecology Letters},
  volume={20},
  number={3},
  pages={375--384},
  year={2017},
  publisher={Wiley Online Library}
}

@article{monnahan2017faster,
  title={Faster estimation of {B}ayesian models in ecology using {H}amiltonian {M}onte {C}arlo},
  author={Monnahan, Cole C and Thorson, James T and Branch, Trevor A},
  journal={Methods in Ecology and Evolution},
  volume={8},
  number={3},
  pages={339--348},
  year={2017},
  publisher={Wiley Online Library}
}

@article{orsenigo2014,
  title={Some like it hot and some like it cold, but not too much: plant responses to climate extremes},
  author={Orsenigo, Simone and Mondoni, Andrea and Rossi, Graziano and Abeli, Thomas},
  journal={Plant ecology},
  volume={215},
  number={7},
  pages={677--688},
  year={2014},
  publisher={Springer Netherlands}
}

@article{palmer2017climate,
  title={Climate change, climatic variation and extreme biological responses},
  author={Palmer, Georgina and Platts, Philip J and Brereton, Tom and Chapman, Jason W and Dytham, Calvin and Fox, Richard and Pearce-Higgins, James W and Roy, David B and Hill, Jane K and Thomas, Chris D},
  journal={Phil. Trans. R. Soc. B},
  volume={372},
  number={1723},
  pages={20160144},
  year={2017},
  publisher={The Royal Society}
}

@article{pannell2015scope,
  title={The scope of {B}aker's law},
  author={Pannell, John R and Auld, Josh R and Brandvain, Yaniv and Burd, Martin and Busch, Jeremiah W and Cheptou, Pierre-Olivier and Conner, Jeffrey K and Goldberg, Emma E and Grant, Alannie-Grace and Grossenbacher, Dena L and others},
  journal={New Phytologist},
  volume={208},
  number={3},
  pages={656--667},
  year={2015},
  publisher={Wiley Online Library}
}

@article{vehtari2017practical,
  title={Practical {B}ayesian model evaluation using leave-one-out cross-validation and {WAIC}},
  author={Vehtari, Aki and Gelman, Andrew and Gabry, Jonah},
  journal={Statistics and Computing},
  volume={27},
  number={5},
  pages={1413--1432},
  year={2017},
  publisher={Springer}
}

@article{warren2014mistaking,
  title={Mistaking geography for biology: inferring processes from species distributions},
  author={Warren, Dan L and Cardillo, Marcel and Rosauer, Dan F and Bolnick, Daniel I},
  journal={Trends in Ecology \& Evolution},
  volume={29},
  number={10},
  pages={572--580},
  year={2014},
  publisher={Elsevier}
}

@article{watanabe2010asymptotic,
  title={Asymptotic equivalence of {B}ayes cross validation and widely applicable information criterion in singular learning theory},
  author={Watanabe, Sumio},
  journal={Journal of Machine Learning Research},
  volume={11},
  number={Dec},
  pages={3571--3594},
  year={2010}
}

@article{williams2007vulnerability,
  title={Can vulnerability among {B}ritish bumblebee (\textit{{B}ombus}) species be explained by niche position and breadth?},
  author={Williams, Paul H and Ara{\'u}jo, Miguel B and Rasmont, Pierre},
  journal={Biological Conservation},
  volume={138},
  number={3},
  pages={493--505},
  year={2007},
  publisher={Elsevier}
}

@article{wright2013evolutionary,
  title={Evolutionary consequences of self-fertilization in plants},
  author={Wright, Stephen I and Kalisz, Susan and Slotte, Tanja},
  journal={Proceedings of the Royal Society of London B: Biological Sciences},
  volume={280},
  number={1760},
  pages={20130133},
  year={2013},
  organization={The Royal Society}
}

@article{beatty2011phylogeographic,
  title={Phylogeographic analysis of {N}orth {A}merican populations of the parasitic herbaceous plant \textit{{M}onotropa hypopitys} {L}. reveals a complex history of range expansion from multiple late glacial refugia},
  author={Beatty, Gemma E and Provan, Jim},
  journal={Journal of Biogeography},
  volume={38},
  number={8},
  pages={1585--1599},
  year={2011},
  publisher={Wiley Online Library}
}

@article{bolnick2009phenotype,
  title={Phenotype-dependent native habitat preference facilitates divergence between parapatric lake and stream stickleback},
  author={Bolnick, Daniel I and Snowberg, Lisa K and Patenia, Claire and Stutz, William E and Ingram, Travis and Lau, On Lee},
  journal={Evolution},
  volume={63},
  number={8},
  pages={2004--2016},
  year={2009},
  publisher={Wiley Online Library}
}


@article{booth2003cordilleran,
  title={The {C}ordilleran ice sheet},
  author={Booth, Derek B and Troost, Kathy Goetz and Clague, John J and Waitt, Richard B},
  journal={Developments in Quaternary Sciences},
  volume={1},
  pages={17--43},
  year={2003},
  publisher={Elsevier}
}



@article{bradburd2013disentangling,
  title={Disentangling the effects of geographic and ecological isolation on genetic differentiation},
  author={Bradburd, Gideon S and Ralph, Peter L and Coop, Graham M},
  journal={Evolution},
  volume={67},
  number={11},
  pages={3258--3273},
  year={2013},
  publisher={Wiley Online Library}
}

@article{bradburd2017inferring,
  title={Inferring continuous and discrete population genetic structure across space},
  author={Bradburd, Gideon and Coop, Graham and Ralph, Peter},
  journal={bioRxiv},
  pages={189688},
  year={2017},
  publisher={Cold Spring Harbor Laboratory}
}



@article{brunsfeld2001comparative,
  title={Comparative phylogeography of Northwestern {N}orth {A}merica: a synthesis},
  author={Brunsfeld, SJ and Sullivan, J and Soltis, DE and Soltis, PS},
  journal={Special Publication--British Ecological Society},
  volume={14},
  pages={319--340},
  year={2001}
}

@article{brunsfeld2005multi,
  title={A multi-compartmented glacial refugium in the northern {R}ocky {M}ountains: evidence from the phylogeography of \textit{{C}ardamine constancei} ({B}rassicaceae)},
  author={Brunsfeld, Steven J and Sullivan, Jack},
  journal={Conservation Genetics},
  volume={6},
  number={6},
  pages={895--904},
  year={2005},
  publisher={Springer}
}

@article{carstens2013model,
  title={Model selection as a tool for phylogeographic inference: an example from the willow \textit{{S}alix melanopsis}},
  author={Carstens, Bryan C and Brennan, Reid S and Chua, Vivien and Duffie, Caroline V and Harvey, Michael G and Koch, Rachel A and McMahan, Caleb D and Nelson, Bradley J and Newman, Catherine E and Satler, Jordan D and others},
  journal={Molecular Ecology},
  volume={22},
  number={15},
  pages={4014--4028},
  year={2013},
  publisher={Wiley Online Library}
}



@article{catchen2011stacks,
  title={Stacks: building and genotyping loci de novo from short-read sequences},
  author={Catchen, Julian M and Amores, Angel and Hohenlohe, Paul and Cresko, William and Postlethwait, John H},
  journal={G3: Genes, Genomes, Genetics},
  volume={1},
  number={3},
  pages={171--182},
  year={2011},
  publisher={G3: Genes, Genomes, Genetics}
}

@article{catchen2013stacks,
  title={Stacks: an analysis tool set for population genomics},
  author={Catchen, Julian and Hohenlohe, Paul A and Bassham, Susan and Amores, Angel and Cresko, William A},
  journal={Molecular Ecology},
  volume={22},
  number={11},
  pages={3124--3140},
  year={2013},
  publisher={Wiley Online Library}
}


@article{epps2005highways,
  title={Highways block gene flow and cause a rapid decline in genetic diversity of desert bighorn sheep},
  author={Epps, Clinton W and Palsb{\o}ll, Per J and Wehausen, John D and Roderick, George K and Ramey, Rob R and McCullough, Dale R},
  journal={Ecology Letters},
  volume={8},
  number={10},
  pages={1029--1038},
  year={2005},
  publisher={Wiley Online Library}
}



@article{guillot2013dismantling,
  title={Dismantling the {M}antel tests},
  author={Guillot, Gilles and Rousset, Fran{\c{c}}ois},
  journal={Methods in Ecology and Evolution},
  volume={4},
  number={4},
  pages={336--344},
  year={2013},
  publisher={Wiley Online Library}
}


@article{hewitt2004genetic,
  title={Genetic consequences of climatic oscillations in the {Q}uaternary},
  author={Hewitt, GM},
  journal={Philosophical Transactions of the Royal Society B: Biological Sciences},
  volume={359},
  number={1442},
  pages={183--195},
  year={2004},
  publisher={The Royal Society}
}



@misc{hierfstat,
    title = {hierfstat: {E}stimation and tests of hierarchical {F}-statistics},
    author = {Jerome Goudet and Thibaut Jombart},
    year = {2015},
    note = {R package version 0.04-22},
    url = {https://CRAN.R-project.org/package=hierfstat},
  }

@article{hirao2004landscape,
  title={Landscape genetics of alpine-snowbed plants: comparisons along geographic and snowmelt gradients},
  author={Hirao, AS and Kudo, G},
  journal={Heredity},
  volume={93},
  number={3},
  pages={290},
  year={2004},
  publisher={Nature Publishing Group}
}



@article{kuchta2005isolation,
  title={Isolation by distance and post-glacial range expansion in the rough-skinned newt, \textit{{T}aricha granulosa}},
  author={Kuchta, Shawn R and Tan, An-Ming},
  journal={Molecular Ecology},
  volume={14},
  number={1},
  pages={225--244},
  year={2005},
  publisher={Wiley Online Library}
}


@article{lee2018population,
  title={Population genomic analysis suggests strong influence of river network on spatial distribution of genetic variation in invasive saltcedar across the southwestern {U}nited {S}tates},
  author={Lee, Soo-Rang and Jo, Yeong-Seok and Park, Chan-Ho and Friedman, Jonathan M and Olson, Matthew S},
  journal={Molecular Ecology},
  volume={27},
  number={3},
  pages={636--646},
  year={2018},
  publisher={Wiley Online Library}
}

@article{massatti2014microhabitat,
  title={Microhabitat differences impact phylogeographic concordance of codistributed species: Genomic evidence in montane sedges (\textit{{C}arex} {L}.) from the {R}ocky {M}ountains},
  author={Massatti, Rob and Knowles, L Lacey},
  journal={Evolution},
  volume={68},
  number={10},
  pages={2833--2846},
  year={2014},
  publisher={Wiley Online Library}
}



@article{matvienko2013consequences,
  title={Consequences of normalizing transcriptomic and genomic libraries of plant genomes using a duplex-specific nuclease and tetramethylammonium chloride},
  author={Matvienko, Marta and Kozik, Alexander and Froenicke, Lutz and Lavelle, Dean and Martineau, Belinda and Perroud, Bertrand and Michelmore, Richard},
  journal={PLoS One},
  volume={8},
  number={2},
  pages={e55913},
  year={2013},
  publisher={Public Library of Science}
}


@article{mcrae2006isolation,
  title={Isolation by resistance},
  author={McRae, Brad H},
  journal={Evolution},
  volume={60},
  number={8},
  pages={1551--1561},
  year={2006},
  publisher={BioOne}
}
@article{moeller2011population,
  title={Population genetics and the evolution of geographic range limits in an annual plant},
  author={Moeller, David A and Geber, Monica A and Tiffin, Peter},
  journal={The American Naturalist},
  volume={178},
  number={S1},
  pages={S44--S61},
  year={2011},
  publisher={University of Chicago Press Chicago, IL}
}



@article{morjan2004species,
  title={How species evolve collectively: implications of gene flow and selection for the spread of advantageous alleles},
  author={Morjan, Carrie L and Rieseberg, Loren H},
  journal={Molecular Ecology},
  volume={13},
  number={6},
  pages={1341--1356},
  year={2004},
  publisher={Wiley Online Library}
}

@article{polechova2015limits,
  title={Limits to adaptation along environmental gradients},
  author={Polechov{\'a}, Jitka and Barton, Nicholas H},
  journal={Proceedings of the National Academy of Sciences},
  volume={112},
  number={20},
  pages={6401--6406},
  year={2015},
  publisher={National Acad Sciences}
}



@article{mosca2012geographical,
  title={The geographical and environmental determinants of genetic diversity for four alpine conifers of the {E}uropean {A}lps},
  author={Mosca, E and Eckert, AJ and Di Pierro, EA and Rocchini, D and La Porta, Nicola and Belletti, P and Neale, DB},
  journal={Molecular Ecology},
  volume={21},
  number={22},
  pages={5530--5545},
  year={2012},
  publisher={Wiley Online Library}
}


@book{nei1987molecular,
  title={Molecular Evolutionary Genetics},
  author={Nei, Masatoshi},
  year={1987},
  publisher={Columbia University Press}
}



@article{nosil2005perspective,
  title={Perspective: reproductive isolation caused by natural selection against immigrants from divergent habitats},
  author={Nosil, Patrik and Vines, Timothy H and Funk, Daniel J},
  journal={Evolution},
  volume={59},
  number={4},
  pages={705--719},
  year={2005},
  publisher={BioOne}
}


@article{petit2003glacial,
  title={Glacial refugia: hotspots but not melting pots of genetic diversity},
  author={Petit, R{\'e}my J and Aguinagalde, Itziar and de Beaulieu, Jacques-Louis and Bittkau, Christiane and Brewer, Simon and Cheddadi, Rachid and Ennos, Richard and Fineschi, Silvia and Grivet, Delphine and Lascoux, Martin and others},
  journal={Science},
  volume={300},
  number={5625},
  pages={1563--1565},
  year={2003},
  publisher={American Association for the Advancement of Science}
}


@article{poland2012development,
  title={Development of high-density genetic maps for barley and wheat using a novel two-enzyme genotyping-by-sequencing approach},
  author={Poland, Jesse A and Brown, Patrick J and Sorrells, Mark E and Jannink, Jean-Luc},
  journal={PloS One},
  volume={7},
  number={2},
  pages={e32253},
  year={2012},
  publisher={Public Library of Science}
}

@online{PRISM,
  author = {{PRISM Climate Group}},
  year = {2017},
  title = {Oregon State University},
  url = {http://prism.oregonstate.edu},
  note = {Accessed: 2017-09-30}
}

@article{pritchard2000inference,
  title={Inference of population structure using multilocus genotype data},
  author={Pritchard, Jonathan K and Stephens, Matthew and Donnelly, Peter},
  journal={Genetics},
  volume={155},
  number={2},
  pages={945--959},
  year={2000},
  publisher={Genetics Soc America}
}

@article{reeves2014effect,
  title={Effect of a geographic barrier on adaptation in the dwarf sunflower (\textit{{H}elianthus pumilus} {N}utt.)},
  author={Reeves, Patrick A and Richards, Christopher M},
  journal={International Journal of Plant Sciences},
  volume={175},
  number={6},
  pages={688--701},
  year={2014},
  publisher={University of Chicago Press Chicago, IL}
}


@article{riddle2014cryptic,
  title={Cryptic divergence and revised species taxonomy within the {G}reat {B}asin pocket mouse, \textit{{P}erognathus parvus} ({P}eale, 1848), species group},
  author={Riddle, Brett R and Jezkova, Tereza and Eckstut, Mallory E and Ol{\'a}h-Hemmings, Vikt{\'o}ria and Carraway, Leslie N},
  journal={Journal of Mammalogy},
  volume={95},
  number={1},
  pages={9--25},
  year={2014},
  publisher={American Society of Mammalogists 810 East 10th Street, PO Box 1897, Lawrence, KS 66044-8897}
}

@article{roberts2015glacial,
  title={Glacial refugia and modern genetic diversity of 22 western {N}orth {A}merican tree species},
  author={Roberts, David R and Hamann, Andreas},
  journal={Proceedings of the Royal Society of London B: Biological Sciences},
  volume={282},
  number={1804},
  pages={20142903},
  year={2015},
  publisher={The Royal Society}
}


@article{rochette2017deriving,
  title={Deriving genotypes from {RAD}-seq short-read data using {S}tacks},
  author={Rochette, Nicolas C and Catchen, Julian M},
  journal={Nature Protocols},
  volume={12},
  number={12},
  pages={2640},
  year={2017},
  publisher={Nature Publishing Group}
}


@article{sexton2011gene,
  title={Gene flow increases fitness at the warm edge of a species range},
  author={Sexton, Jason P and Strauss, Sharon Y and Rice, Kevin J},
  journal={Proceedings of the National Academy of Sciences},
  volume={108},
  number={28},
  pages={11704--11709},
  year={2011},
  publisher={National Acad Sciences}
}


@article{sexton2014genetic,
  title={Genetic isolation by environment or distance: which pattern of gene flow is most common?},
  author={Sexton, Jason P and Hangartner, Sandra B and Hoffmann, Ary A},
  journal={Evolution},
  volume={68},
  number={1},
  pages={1--15},
  year={2014},
  publisher={Wiley Online Library}
}


@article{shafer2010glaciers,
  title={Of glaciers and refugia: a decade of study sheds new light on the phylogeography of northwestern {N}orth {A}merica},
  author={Shafer, Aaron and Cullingham, Catherine I and Cote, Steeve D and Coltman, David W},
  journal={Molecular Ecology},
  volume={19},
  number={21},
  pages={4589--4621},
  year={2010},
  publisher={Wiley Online Library}
}


@article{shagina2010normalization,
  title={Normalization of genomic {DNA} using duplex-specific nuclease},
  author={Shagina, Irina and Bogdanova, Ekaterina and Mamedov, Ilgar Z and Lebedev, Yury and Lukyanov, Sergey and Shagin, Dmitry and others},
  journal={Biotechniques},
  volume={48},
  number={6},
  pages={455},
  year={2010}
}

@article{shimono2009morphological,
  title={Morphological and genetic variations of \textit{{P}otentilla matsumurae} ({R}osaceae) between fellfield and snowbed populations},
  author={Shimono, Yoshiko and Watanabe, Mikio and Hirao, Akira S and Wada, Naoya and Kudo, Gaku},
  journal={American Journal of Botany},
  volume={96},
  number={4},
  pages={728--737},
  year={2009},
  publisher={Wiley Online Library}
}

@article{slatkin1993isolation,
  title={Isolation by distance in equilibrium and non-equilibrium populations},
  author={Slatkin, Montgomery},
  journal={Evolution},
  volume={47},
  number={1},
  pages={264--279},
  year={1993},
  publisher={Wiley Online Library}
}


@article{sproul2015climate,
  title={Climate oscillations, glacial refugia, and dispersal ability: factors influencing the genetic structure of the least salmonfly, \textit{{P}teronarcella badia} ({P}lecoptera), in western {N}orth {A}merica},
  author={Sproul, John S and Houston, Derek D and Nelson, C Riley and Evans, R Paul and Crandall, Keith A and Shiozawa, Dennis K},
  journal={BMC Evolutionary Biology},
  volume={15},
  number={1},
  pages={279},
  year={2015},
  publisher={BioMed Central}
}


@article{storfer2007putting,
  title={Putting the `landscape' in landscape genetics},
  author={Storfer, A and Murphy, MA and Evans, JS and Goldberg, CS and Robinson, S and Spear, SF and Dezzani, R and Delmelle, E and Vierling, L and Waits, LP},
  journal={Heredity},
  volume={98},
  number={3},
  pages={128},
  year={2007},
  publisher={Nature Publishing Group}
}


@article{vandepitte2017retention,
  title={Retention of gene diversity during the spread of a non-native plant species},
  author={Vandepitte, Katrien and Helsen, Kenny and Van Acker, Kasper and Mergeay, Joachim and Honnay, Olivier},
  journal={Molecular Ecology},
  volume={26},
  number={12},
  pages={3141--3150},
  year={2017},
  publisher={Wiley Online Library}
}

@article{vucetich2003spatial,
  title={Spatial patterns of demography and genetic processes across the species' range: null hypotheses for landscape conservation genetics},
  author={Vucetich, John A and Waite, Thomas A},
  journal={Conservation Genetics},
  volume={4},
  number={5},
  pages={639--645},
  year={2003},
  publisher={Springer}
}

@article{weir1984estimating,
  title={Estimating {F}-statistics for the analysis of population structure},
  author={Weir, Bruce S and Cockerham, C Clark},
  journal={Evolution},
  volume={38},
  number={6},
  pages={1358--1370},
  year={1984},
  publisher={Wiley Online Library}
}

@article{wright1943isolation,
  title={Isolation by distance},
  author={Wright, Sewall},
  journal={Genetics},
  volume={28},
  number={2},
  pages={114--138},
  year={1943},
  publisher={Genetics Soc America}
}

@article{zheng2012high,
  title={A high-performance computing toolset for relatedness and principal component analysis of {SNP} data},
  author={Zheng, Xiuwen and Levine, David and Shen, Jess and Gogarten, Stephanie M and Laurie, Cathy and Weir, Bruce S},
  journal={Bioinformatics},
  volume={28},
  number={24},
  pages={3326--3328},
  year={2012},
  publisher={Oxford University Press}
}




@article{aitken2013assisted,
  title={Assisted gene flow to facilitate local adaptation to climate change},
  author={Aitken, Sally N and Whitlock, Michael C},
  journal={Annual Review of Ecology, Evolution, and Systematics},
  volume={44},
  year={2013}
}


@article{anderson2015microgeographic,
  title={Microgeographic patterns of genetic divergence and adaptation across environmental gradients in \textit{{B}oechera stricta} ({B}rassicaceae)},
  author={Anderson, Jill T and Perera, Nadeesha and Chowdhury, Bashira and Mitchell-Olds, Thomas},
  journal={The American Naturalist},
  volume={186},
  number={S1},
  pages={S60--S73},
  year={2015},
  publisher={University of Chicago Press Chicago, IL}
}


@article{antonovics1976nature,
  title={The nature of limits to natural selection},
  author={Antonovics, Janis},
  journal={Annals of the Missouri Botanical Garden},
  pages={224--247},
  year={1976},
  publisher={JSTOR}
}

@article{benning2018biotic,
  title={Biotic interactions limit the geographic range of an annual plant: herbivory and phenology mediate fitness beyond a range margin},
  author={Benning, John and Eckhart, Vincent M and Geber, Monica A and Moeller, David A},
  journal={bioRxiv},
  pages={300590},
  year={2018},
  publisher={Cold Spring Harbor Laboratory}
}

@techreport{felsenstein1977multivariate,
  title={Multivariate normal genetic models with a finite number of loci},
  author={Felsenstein, Joseph},
  year={1977},
  institution={Washington Univ., Seattle (USA). Dept. of Genetics}
}

@article{polechova2018sky,
  title={Is the sky the limit? On the expansion threshold of a species' range},
  author={Polechova, Jitka},
  journal={bioRxiv},
  pages={234377},
  year={2018},
  publisher={Cold Spring Harbor Laboratory}
}


@article{bell2011adaptation,
  title={Adaptation and evolutionary rescue in metapopulations experiencing environmental deterioration},
  author={Bell, Graham and Gonzalez, Andrew},
  journal={Science},
  volume={332},
  number={6035},
  pages={1327--1330},
  year={2011},
  publisher={American Association for the Advancement of Science}
}



@article{gilbert2017genetics,
  title={The genetics of adaptation to discrete heterogeneous environments: frequent mutation or large-effect alleles can allow range expansion},
  author={Gilbert, KJ and Whitlock, MC},
  journal={Journal of Evolutionary Biology},
  volume={30},
  number={3},
  pages={591--602},
  year={2017},
  publisher={Wiley Online Library}
}


@article{bridle2010adaptation,
  title={Why is adaptation prevented at ecological margins? {N}ew insights from individual-based simulations},
  author={Bridle, Jon R and Polechov{\'a}, Jitka and Kawata, Masakado and Butlin, Roger K},
  journal={Ecology Letters},
  volume={13},
  number={4},
  pages={485--494},
  year={2010},
  publisher={Wiley Online Library}
}

@article{parmesan1999poleward,
  title={Poleward shifts in geographical ranges of butterfly species associated with regional warming},
  author={Parmesan, Camille and Ryrholm, Nils and Stefanescu, Constant{\'\i} and Hill, Jane K and Thomas, Chris D and Descimon, Henri and Huntley, Brian and Kaila, Lauri and Kullberg, Jaakko and Tammaru, Toomas and others},
  journal={Nature},
  volume={399},
  number={6736},
  pages={579},
  year={1999},
  publisher={Nature Publishing Group}
}

@article{schloss2012dispersal,
  title={Dispersal will limit ability of mammals to track climate change in the Western Hemisphere},
  author={Schloss, Carrie A and Nu{\~n}ez, Tristan A and Lawler, Joshua J},
  journal={Proceedings of the National Academy of Sciences},
  volume={109},
  number={22},
  pages={8606--8611},
  year={2012},
  publisher={National Acad Sciences}
}


@article{midgley2006migration,
  title={Migration rate limitations on climate change-induced range shifts in {C}ape {P}roteaceae},
  author={Midgley, GF and Hughes, GO and Thuiller, W and Rebelo, AG},
  journal={Diversity and Distributions},
  volume={12},
  number={5},
  pages={555--562},
  year={2006},
  publisher={Wiley Online Library}
}


@article{chen2011rapid,
  title={Rapid range shifts of species associated with high levels of climate warming},
  author={Chen, I-Ching and Hill, Jane K and Ohlem{\"u}ller, Ralf and Roy, David B and Thomas, Chris D},
  journal={Science},
  volume={333},
  number={6045},
  pages={1024--1026},
  year={2011},
  publisher={American Association for the Advancement of Science}
}


@article{bridle2007limits,
  title={Limits to evolution at range margins: when and why does adaptation fail?},
  author={Bridle, Jon R and Vines, Timothy H},
  journal={Trends in Ecology \& Evolution},
  volume={22},
  number={3},
  pages={140--147},
  year={2007},
  publisher={Elsevier}
}

@Manual{ggeffects,
    title = {ggeffects: Create tidy data frames of marginal effects for 'ggplot' from model outputs},
    author = {Daniel L{\"u}decke},
    year = {2018},
    note = {R package version 0.3.2},
    url = {https://CRAN.R-project.org/package=ggeffects},
}

@article{brooks2017glmmtmb,
  title={glmm{TMB} balances speed and flexibility among packages for zero-inflated generalized linear mixed modeling},
  author={Brooks, Mollie E and Kristensen, Kasper and van Benthem, Koen J and Magnusson, Arni and Berg, Casper W and Nielsen, Anders and Skaug, Hans J and Machler, Martin and Bolker, Benjamin M},
  journal={The R Journal},
  volume={9},
  number={2},
  pages={378--400},
  year={2017},
  publisher={Technische Universitaet Wien}
}


@article{cassel2011limited,
  title={Limited gene flow may enhance adaptation to local optima in isolated populations of the {R}oesel's bush cricket (\textit{{M}etrioptera roeselii})},
  author={Cassel-Lundhagen, A and Ka{\v{n}}uch, P and Low, M and Berggren, {\AA}},
  journal={Journal of evolutionary biology},
  volume={24},
  number={2},
  pages={381--390},
  year={2011},
  publisher={Wiley Online Library}
}



@article{eckert2008genetic,
  title={Genetic variation across species' geographical ranges: the central--marginal hypothesis and beyond},
  author={Eckert, CG and Samis, KE and Lougheed, SC},
  journal={Molecular Ecology},
  volume={17},
  number={5},
  pages={1170--1188},
  year={2008},
  publisher={Wiley Online Library}
}

@article{emery2009ecological,
  title={Ecological limits and fitness consequences of cross-gradient pollen movement in \textit{{L}asthenia fremontii}},
  author={Emery, Nancy C},
  journal={The American Naturalist},
  volume={174},
  number={2},
  pages={221--235},
  year={2009},
  publisher={The University of Chicago Press}
}

@article{etterson2001constraint,
  title={Constraint to adaptive evolution in response to global warming},
  author={Etterson, Julie R and Shaw, Ruth G},
  journal={Science},
  volume={294},
  number={5540},
  pages={151--154},
  year={2001},
  publisher={American Association for the Advancement of Science}
}


@article{fedorka2012role,
  title={The role of gene flow asymmetry along an environmental gradient in constraining local adaptation and range expansion},
  author={Fedorka, KM and Winterhalter, WE and Shaw, KL and Brogan, WR and Mousseau, TA},
  journal={Journal of Evolutionary Biology},
  volume={25},
  number={8},
  pages={1676--1685},
  year={2012},
  publisher={Wiley Online Library}
}


@article{fenster2000population,
  title={Population differentiation in an annual legume: genetic architecture},
  author={Fenster, Charles B and Galloway, Laura F},
  journal={Evolution},
  volume={54},
  number={4},
  pages={1157--1172},
  year={2000},
  publisher={BioOne}
}


@article{frankham2011predicting,
  title={Predicting the probability of outbreeding depression},
  author={Frankham, Richard and Ballou, Jonathan D and Eldridge, Mark DB and Lacy, Robert C and Ralls, Katherine and Dudash, Michele R and Fenster, Charles B},
  journal={Conservation Biology},
  volume={25},
  number={3},
  pages={465--475},
  year={2011},
  publisher={Wiley Online Library}
}


@article{slatkin1973gene,
  title={Gene flow and selection in a cline},
  author={Slatkin, Montgomery},
  journal={Genetics},
  volume={75},
  number={4},
  pages={733--756},
  year={1973},
  publisher={Genetics Soc America}
}


 @Article{phytools,
    title = {phytools: An {R} package for phylogenetic comparative biology (and other things)},
    author = {Liam J. Revell},
    journal = {Methods in Ecology and Evolution},
    year = {2012},
    volume = {3},
    pages = {217-223},
  }

@article{gould2014local,
  title={Local adaptation and range boundary formation in response to complex environmental gradients across the geographical range of \textit{{C}larkia xantiana} ssp. \textit{xantiana}},
  author={Gould, Billie and Moeller, David A and Eckhart, Vincent M and Tiffin, Peter and Fabio, Eric and Geber, Monica A},
  journal={Journal of Ecology},
  volume={102},
  number={1},
  pages={95--107},
  year={2014},
  publisher={Wiley Online Library}
}

@article{hereford2009quantitative,
  title={A quantitative survey of local adaptation and fitness trade-offs},
  author={Hereford, Joe},
  journal={The American Naturalist},
  volume={173},
  number={5},
  pages={579--588},
  year={2009},
  publisher={The University of Chicago Press}
}




@article{holliday2012divergent,
  title={Divergent selection and heterogeneous migration rates across the range of {S}itka spruce (\textit{{P}icea sitchensis})},
  author={Holliday, Jason A and Suren, Haktan and Aitken, Sally N},
  journal={Proceedings of the Royal Society of London B: Biological Sciences},
  volume={279},
  number={1734},
  pages={1675--1683},
  year={2012},
  publisher={The Royal Society}
}

@article{ingvarsson2000heterosis,
  title={Heterosis increases the effective migration rate},
  author={Ingvarsson, P{\"a}r K and Whitlock, Michael C},
  journal={Proceedings of the Royal Society of London B: Biological Sciences},
  volume={267},
  number={1450},
  pages={1321--1326},
  year={2000},
  publisher={The Royal Society}
}


@article{johansen2006fitness,
  title={Fitness consequences of hybridization between ecotypes of \textit{{A}vena barbata}: hybrid breakdown, hybrid vigor, and transgressive segregation},
  author={Johansen-Morris, AD and Latta, Robert G},
  journal={Evolution},
  volume={60},
  number={8},
  pages={1585--1595},
  year={2006},
  publisher={BioOne}
}

@article{kawecki2004conceptual,
  title={Conceptual issues in local adaptation},
  author={Kawecki, Tadeusz J and Ebert, Dieter},
  journal={Ecology Letters},
  volume={7},
  number={12},
  pages={1225--1241},
  year={2004},
  publisher={Wiley Online Library}
}

@article{kellermann2006very,
  title={Very low additive genetic variance and evolutionary potential in multiple populations of two rainforest \textit{{D}rosophila} species},
  author={Kellermann, Vanessa M and van Heerwaarden, Belinda and Hoffmann, Ary A and Sgr{\`o}, Carla M},
  journal={Evolution},
  volume={60},
  number={5},
  pages={1104--1108},
  year={2006},
  publisher={BioOne}
}

@article{lande1992neutral,
  title={Neutral theory of quantitative genetic variance in an island model with local extinction and colonization},
  author={Lande, Russell},
  journal={Evolution},
  volume={46},
  number={2},
  pages={381--389},
  year={1992},
  publisher={Wiley Online Library}
}

@article{lee2016synthesis,
  title={A synthesis of transplant experiments and ecological niche models suggests that range limits are often niche limits},
  author={Lee-Yaw, Julie A and Kharouba, Heather M and Bontrager, Megan and Mahony, Colin and Cserg{\H{o}}, Anna M{\'a}ria and Noreen, Annika ME and Li, Qin and Schuster, Richard and Angert, Amy L},
  journal={Ecology Letters},
  volume={19},
  number={6},
  pages={710--722},
  year={2016},
  publisher={Wiley Online Library}
}

@article{pironon2017geographic,
  title={Geographic variation in genetic and demographic performance: new insights from an old biogeographical paradigm},
  author={Pironon, Samuel and Papuga, Guillaume and Villellas, Jes{\'u}s and Angert, Amy L and Garc{\'\i}a, Mar{\'\i}a B and Thompson, John D},
  journal={Biological Reviews},
  volume={92},
  number={4},
  pages={1877--1909},
  year={2017},
  publisher={Wiley Online Library}
}


@article{angert2005evolution,
  title={The evolution of species' distributions: reciprocal transplants across the elevation ranges of \textit{{M}imulus cardinalis} and \textit{{M}. lewisii}},
  author={Angert, Amy L and Schemske, Doug W},
  journal={Evolution},
  volume={59},
  number={8},
  pages={1671--1684},
  year={2005},
  publisher={BioOne}
}


@article{lenormand2002gene,
  title={Gene flow and the limits to natural selection},
  author={Lenormand, Thomas},
  journal={Trends in Ecology \& Evolution},
  volume={17},
  number={4},
  pages={183--189},
  year={2002},
  publisher={Elsevier}
}


@article{mahony2017closer,
  title={A closer look at novel climates: new methods and insights at continental to landscape scales},
  author={Mahony, Colin R and Cannon, Alex J and Wang, Tongli and Aitken, Sally N},
  journal={Global Change Biology},
  volume={23},
  number={9},
  pages={3934--3955},
  year={2017},
  publisher={Wiley Online Library}
}


@article{mcgraw2015northward,
  title={Northward displacement of optimal climate conditions for ecotypes of \textit{{E}riophorum vaginatum} {L}. across a latitudinal gradient in {A}laska},
  author={McGraw, James B and Turner, Jessica B and Souther, Sara and Bennington, Cynthia C and Vavrek, Milan C and Shaver, Gaius R and Fetcher, Ned},
  journal={Global Change Biology},
  volume={21},
  number={10},
  pages={3827--3835},
  year={2015},
  publisher={Wiley Online Library}
}


@article{moore2009can,
  title={Can gene flow have negative demographic consequences? {M}ixed evidence from stream threespine stickleback},
  author={Moore, Jean-S{\'e}bastien and Hendry, Andrew P},
  journal={Philosophical Transactions of the Royal Society B: Biological Sciences},
  volume={364},
  number={1523},
  pages={1533--1542},
  year={2009},
  publisher={The Royal Society}
}


@article{ochocki2017rapid,
  title={Rapid evolution of dispersal ability makes biological invasions faster and more variable},
  author={Ochocki, Brad M and Miller, Tom EX},
  journal={Nature Communications},
  volume={8},
  pages={14315},
  year={2017},
  publisher={Nature Publishing Group}
}


@article{angert2018testing,
  title={Testing range-limit hypotheses using range-wide habitat suitability and occupancy for the scarlet monkeyflower (\textit{{E}rythranthe cardinalis})},
  author={Angert, Amy L and Bayly, Matthew and Sheth, Seema N and Paul, John R},
  journal={The American Naturalist},
  volume={191},
  number={3},
  pages={E000--E000},
  year={2018},
  publisher={University of Chicago Press Chicago, IL}
}

@article{moeller2005pollinator,
  title={Pollinator community structure and sources of spatial variation in plant--pollinator interactions in \textit{{C}larkia xantiana} ssp. \textit{xantiana}},
  author={Moeller, David A},
  journal={Oecologia},
  volume={142},
  number={1},
  pages={28--37},
  year={2005},
  publisher={Springer}
}

@article{schoen1991intraspecific,
  title={Intraspecific variation in population gene diversity and effective population size correlates with the mating system in plants.},
  author={Schoen, Daniel J and Brown, AH},
  journal={Proceedings of the National Academy of Sciences},
  volume={88},
  number={10},
  pages={4494--4497},
  year={1991},
  publisher={National Acad Sciences}
}

@article{glemin2006impact,
  title={Impact of mating systems on patterns of sequence polymorphism in flowering plants},
  author={Gl{\'e}min, Sylvain and Bazin, Eric and Charlesworth, Deborah},
  journal={Proceedings of the Royal Society of London B: Biological Sciences},
  volume={273},
  number={1604},
  pages={3011--3019},
  year={2006},
  publisher={The Royal Society}
}

@phdthesis{bayly2015translocations,
  title={Translocations of \textit{{M}imulus cardinalis} beyond the northern range limit show that dispersal limitation can invalidate ecological niche models},
  author={Bayly, Matthew},
  year={2015},
  school={University of British Columbia}
}

@article{eckhart2011geography,
  title={The geography of demography: long-term demographic studies and species distribution models reveal a species border limited by adaptation},
  author={Eckhart, Vincent M and Geber, Monica A and Morris, William F and Fabio, Eric S and Tiffin, Peter and Moeller, David A},
  journal={The American Naturalist},
  volume={178},
  number={S1},
  pages={S26--S43},
  year={2011},
  publisher={University of Chicago Press Chicago, IL}
}

@article{garcia1997genetic,
  title={Genetic models of adaptation and gene flow in peripheral populations},
  author={Garc{\'\i}a-Ramos, Gisela and Kirkpatrick, Mark},
  journal={Evolution},
  volume={51},
  number={1},
  pages={21--28},
  year={1997},
  publisher={Wiley Online Library}
}

@article{geber2005experimental,
  title={Experimental studies of adaptation in \textit{{C}larkia xantiana}. {II}. {F}itness variation across a subspecies border},
  author={Geber, Monica A and Eckhart, Vincent M},
  journal={Evolution},
  volume={59},
  number={3},
  pages={521--531},
  year={2005},
  publisher={BioOne}
}

@article{muir2017grow,
  title={Grow with the flow: a latitudinal cline in physiology is associated with more variable precipitation in \textit{{E}rythranthe cardinalis}},
  author={Muir, Christopher D and Angert, Amy L},
  journal={Journal of Evolutionary Biology},
  volume={30},
  number={12},
  pages={2189--2203},
  year={2017},
  publisher={Wiley Online Library}
}

@article{paul2011quantifying,
  title={Quantifying the impact of gene flow on phenotype-environment mismatch: a demonstration with the scarlet monkeyflower \textit{{M}imulus cardinalis}},
  author={Paul, John R and Sheth, Seema N and Angert, Amy L},
  journal={The American Naturalist},
  volume={178},
  number={S1},
  pages={S62--S79},
  year={2011},
  publisher={University of Chicago Press Chicago, IL}
}

@article{pujol2008reduced,
  title={Reduced responses to selection after species range expansion},
  author={Pujol, Benoit and Pannell, John R},
  journal={Science},
  volume={321},
  number={5885},
  pages={96--96},
  year={2008},
  publisher={American Association for the Advancement of Science}
}

@Manual{Rcore,
    title = {R: a language and environment for statistical computing, version 3.4.4},
    author = {{R Core Team}},
    organization = {R Foundation for Statistical Computing},
    address = {Vienna, Austria},
    year = {2017},
    url = {https://www.R-project.org/},
  }
  
@Manual{Rcore2013,
    title = {R: A language and environment for statistical computing, version 3.0.2},
    author = {{R Core Team}},
    organization = {R Foundation for Statistical Computing},
    address = {Vienna, Austria},
    year = {2013},
    url = {https://www.R-project.org/},
  }
  

  
@article{samis2009ecological,
  title={Ecological correlates of fitness across the northern geographic range limit of a {P}acific {C}oast dune plant},
  author={Samis, Karen E and Eckert, Christopher G},
  journal={Ecology},
  volume={90},
  number={11},
  pages={3051--3061},
  year={2009},
  publisher={Wiley Online Library}
}

@article{samis2016strong,
  title={Strong genetic differentiation but not local adaptation toward the range limit of a coastal dune plant},
  author={Samis, Karen E and L{\'o}pez-Villalobos, Adriana and Eckert, Christopher G},
  journal={Evolution},
  volume={70},
  number={11},
  pages={2520--2536},
  year={2016},
  publisher={Wiley Online Library}
}
  
@article{sheth2016artificial,
  title={Artificial selection reveals high genetic variation in phenology at the trailing edge of a species range},
  author={Sheth, Seema Nayan and Angert, Amy Lauren},
  journal={The American Naturalist},
  volume={187},
  number={2},
  pages={182--193},
  year={2016},
  publisher={University of Chicago Press Chicago, IL}
}

@article{sheth2018demographic,
  title={Demographic compensation does not rescue populations at a trailing range edge},
  author={Sheth, Seema Nayan and Angert, Amy Lauren},
  journal={Proceedings of the National Academy of Sciences},
  volume={115},
  number={10},
  pages={2413--2418},
  year={2018},
  publisher={National Acad Sciences}
}

@article{wilczek2014lagging,
  title={Lagging adaptation to warming climate in \textit{{A}rabidopsis thaliana}},
  author={Wilczek, Amity M and Cooper, Martha D and Korves, Tonia M and Schmitt, Johanna},
  journal={Proceedings of the National Academy of Sciences},
  volume={111},
  number={22},
  pages={7906--7913},
  year={2014},
  publisher={National Acad Sciences}
}

@article{willi2007genetic,
  title={Genetic rescue persists beyond first-generation outbreeding in small populations of a rare plant},
  author={Willi, Yvonne and Van Kleunen, Mark and Dietrich, Stefan and Fischer, Markus},
  journal={Proceedings of the Royal Society of London B: Biological Sciences},
  volume={274},
  number={1623},
  pages={2357--2364},
  year={2007},
  publisher={The Royal Society}
}

@article{williams2007novel,
  title={Novel climates, no-analog communities, and ecological surprises},
  author={Williams, John W and Jackson, Stephen T},
  journal={Frontiers in Ecology and the Environment},
  volume={5},
  number={9},
  pages={475--482},
  year={2007},
  publisher={Wiley Online Library}
}

@article{williams2016rapid,
  title={Rapid evolution accelerates plant population spread in fragmented experimental landscapes},
  author={Williams, Jennifer L and Kendall, Bruce E and Levine, Jonathan M},
  journal={Science},
  volume={353},
  number={6298},
  pages={482--485},
  year={2016},
  publisher={American Association for the Advancement of Science}
}

@article{yeaman2006regional,
  title={Regional heterogeneity and gene flow maintain variance in a quantitative trait within populations of lodgepole pine},
  author={Yeaman, Sam and Jarvis, Andy},
  journal={Proceedings of the Royal Society of London B: Biological Sciences},
  volume={273},
  number={1594},
  pages={1587--1593},
  year={2006},
  publisher={The Royal Society}
}


@article{carpenter2016,
  title={Stan: A probabilistic programming language},
  author={Carpenter, Bob and Gelman, Andrew and Hoffman, Matt and Lee, Daniel and Goodrich, Ben and Betancourt, Michael and Brubaker, Michael A and Guo, Jiqiang and Li, Peter and Riddell, Allen},
  journal={Journal of Statistical Software},
  volume={20},
  pages={1--37},
  year={2016}
}


@article{eckert2002,
  title={Effect of geographical variation in pollinator fauna on the mating system of Decodon verticillatus (Lythraceae)},
  author={Eckert, Christopher G},
  journal={International Journal of Plant Sciences},
  volume={163},
  number={1},
  pages={123--132},
  year={2002},
  publisher={The University of Chicago Press}
}


@misc{gabry2017,
    title = {bayesplot: Plotting for {Bayesian} models},
    author = {Jonah Gabry},
    year = {2017},
    note = {R package version 1.3.0},
    url = {http://mc-stan.org/},
  }


@article{gallagher2017,
  title={Shifts in water availability mediate plant--pollinator interactions},
  author={Gallagher, M Kate and Campbell, Diane R},
  journal={New Phytologist},
  year={2017},
  publisher={Wiley Online Library}
}

@article{gelman1992,
  title={Inference from iterative simulation using multiple sequences},
  author={Gelman, Andrew and Rubin, Donald B},
  journal={Statistical Science},
  pages={457--472},
  year={1992},
  publisher={JSTOR}
}

@article{kettenbach2017,
  title={How shrub encroachment under climate change could threaten pollination services for alpine wildflowers: A case study using the alpine skypilot, Polemonium viscosum},
  author={Kettenbach, Jessica A and Miller-Struttmann, Nicole and Moffett, Zo{\"e} and Galen, Candace},
  journal={Ecology and evolution},
  volume={7},
  number={17},
  pages={6963--6971},
  year={2017},
  publisher={Wiley Online Library}
}

@book{mcelreath2015,
  title={Statistical Rethinking: A Bayesian Course with Examples in R and Stan},
  author={McElreath, Richard},
  year={2015},
  publisher={CRC Press},
  isbn={9781482253443}
}



@article{moeller2017,
  title={Global biogeography of mating system variation in seed plants},
  author={Moeller, David A and Briscoe Runquist, Ryan D and Moe, Annika M and Geber, Monica A and Goodwillie, Carol and Cheptou, Pierre-Olivier and Eckert, Christopher G and Elle, Elizabeth and Johnston, Mark O and Kalisz, Susan and others},
  journal={Ecology Letters},
  volume={20},
  number={3},
  pages={375--384},
  year={2017},
  publisher={Wiley Online Library}
}


@article{orsenigo2014,
  title={Some like it hot and some like it cold, but not too much: plant responses to climate extremes},
  author={Orsenigo, Simone and Mondoni, Andrea and Rossi, Graziano and Abeli, Thomas},
  journal={Plant ecology},
  volume={215},
  number={7},
  pages={677--688},
  year={2014},
  publisher={Springer Netherlands}
}


@article{palmer2017,
  title={Climate change, climatic variation and extreme biological responses},
  author={Palmer, Georgina and Platts, Philip J and Brereton, Tom and Chapman, Jason W and Dytham, Calvin and Fox, Richard and Pearce-Higgins, James W and Roy, David B and Hill, Jane K and Thomas, Chris D},
  journal={Phil. Trans. R. Soc. B},
  volume={372},
  number={1723},
  pages={20160144},
  year={2017},
  publisher={The Royal Society}
}


@article{randle2009can,
  title={Can differences in autonomous selfing ability explain differences in range size among sister-taxa pairs of \textit{{C}ollinsia} ({P}lantaginaceae)? An extension of {B}aker's {L}aw},
  author={Randle, April M and Slyder, Jacob B and Kalisz, Susan},
  journal={New Phytologist},
  volume={183},
  number={3},
  pages={618--629},
  year={2009},
  publisher={Wiley Online Library}
}

@article{runquist2013resource,
  title={Resource reallocation does not influence estimates of pollen limitation or reproductive assurance in \textit{{C}larkia xantiana} subsp. \textit{parviflora} ({O}nagraceae)},
  author={Briscoe Runquist, Ryan D and Moeller, David A},
  journal={American Journal of Botany},
  volume={100},
  number={9},
  pages={1916--1921},
  year={2013},
  publisher={Botanical Soc America}
}

@article{vehtari2017,
  title={Practical Bayesian model evaluation using leave-one-out cross-validation and WAIC},
  author={Vehtari, Aki and Gelman, Andrew and Gabry, Jonah},
  journal={Statistics and Computing},
  volume={27},
  number={5},
  pages={1413--1432},
  year={2017},
  publisher={Springer}
}


@article{warren2014,
  title={Mistaking geography for biology: inferring processes from species distributions},
  author={Warren, Dan L and Cardillo, Marcel and Rosauer, Dan F and Bolnick, Daniel I},
  journal={Trends in Ecology \& Evolution},
  volume={29},
  number={10},
  pages={572--580},
  year={2014},
  publisher={Elsevier}
}

@article{watanabe2010,
  title={Asymptotic equivalence of Bayes cross validation and widely applicable information criterion in singular learning theory},
  author={Watanabe, Sumio},
  journal={Journal of Machine Learning Research},
  volume={11},
  number={Dec},
  pages={3571--3594},
  year={2010}
}
